<record><leader>00000cas a22000007a 4500</leader><controlfield tag="001">26795604</controlfield><controlfield tag="008">921016d19161919wauwr ne      0    0eng d</controlfield><datafield ind1=" " ind2=" " tag="010"><subfield code="a">sn 92038390 </subfield></datafield><datafield ind1=" " ind2=" " tag="040"><subfield code="a">WAU</subfield><subfield code="b">eng</subfield><subfield code="c">WAU</subfield><subfield code="d">OCLCQ</subfield></datafield><datafield ind1=" " ind2=" " tag="042"><subfield code="a">msc</subfield></datafield><datafield ind1="0" ind2="4" tag="245"><subfield code="a">The Vashon Island record.</subfield></datafield><datafield ind1=" " ind2=" " tag="260"><subfield code="a">Vashon, Wash. :</subfield><subfield code="b">R.M. Jones</subfield></datafield><datafield ind1=" " ind2=" " tag="300"><subfield code="a">v.</subfield></datafield><datafield ind1=" " ind2=" " tag="310"><subfield code="a">Weekly</subfield></datafield><datafield ind1="0" ind2=" " tag="362"><subfield code="a">Vol. 1, no. 1 (Oct. 26, 1916)-v. 4, no. 8 (Dec. 11, 1919).</subfield></datafield><datafield ind1=" " ind2="4" tag="651"><subfield code="a">Vashon (Wash.)</subfield><subfield code="v">Newspapers.</subfield></datafield><datafield ind1=" " ind2=" " tag="752"><subfield code="a">United States</subfield><subfield code="b">Washington</subfield><subfield code="c">King</subfield><subfield code="d">Vashon.</subfield></datafield><datafield ind1="0" ind2="7" tag="785"><subfield code="t">Vashon Island news</subfield><subfield code="w">(DLC)sn 92038389</subfield><subfield code="w">(OCoLC)26792824</subfield></datafield><datafield ind1="0" ind2="7" tag="785"><subfield code="t">Vashon Island news-record</subfield><subfield code="w">(DLC)sn 87093323</subfield><subfield code="w">(OCoLC)17239182</subfield></datafield><datafield ind1="1" ind2=" " tag="029"><subfield code="a">AU@</subfield><subfield code="b">000020717049</subfield></datafield></record>